<?xml version="1.0" encoding="UTF-8"?>
<record xmlns="http://www.loc.gov/MARC21/slim">
   <leader>02346cam a2200469 a 4500</leader>
   <controlfield tag="001">614728</controlfield>
   <controlfield tag="003">NjP</controlfield>
   <controlfield tag="005">20190705141036.0</controlfield>
   <controlfield tag="008">901203s1985    ir       b    000 0 ara d</controlfield>
   <datafield tag="024" ind1="7" ind2=" ">
      <subfield code="a">princeton_aco003946</subfield>
      <subfield code="2">local</subfield>
   </datafield>
   <datafield ind1=" " ind2=" " tag="035">
      <subfield code="a">(CStRLIN)NJPG90-B54147</subfield>
   </datafield>
   <datafield ind1=" " ind2=" " tag="035">
      <subfield code="9">ACV0845TS</subfield>
   </datafield>
   <datafield ind1=" " ind2=" " tag="035">
      <subfield code="a">(NjP)614728</subfield>
   </datafield>
   <datafield ind1=" " ind2=" " tag="040">
      <subfield code="a">NjP</subfield>
      <subfield code="c">PUL</subfield>
      <subfield code="d">PUL</subfield>
   </datafield>
   <datafield ind1=" " ind2=" " tag="049">
      <subfield code="a">PULL</subfield>
   </datafield>
   <datafield ind1=" " ind2=" " tag="035">
      <subfield code="a">(OCoLC)ocm83350337</subfield>
   </datafield>
   <datafield ind1="1" ind2=" " tag="100">
      <subfield code="6">880-01</subfield>
      <subfield code="a">Khūʼī, Abū al-Qāsim ibn ʻAlī Akbar,</subfield>
      <subfield code="d">1899-</subfield>
   </datafield>
   <datafield ind1="1" ind2="0" tag="240">
      <subfield code="6">880-02</subfield>
      <subfield code="a">Khums</subfield>
   </datafield>
   <datafield ind1="1" ind2="0" tag="245">
      <subfield code="6">880-03</subfield>
      <subfield code="a">Kitāb al-Khums :</subfield>
      <subfield code="b">muḥāḍarāt zaʻīm al-ḥawzah al-ʻilmīyah Āyat Allāh al-ʻUẓmá al-Sayyid Abū al-Qāsim al-Mūsawī al-Khūʼī ... /</subfield>
      <subfield code="c">[taʼlīf Murtaḍá al-Burūjirdī].</subfield>
   </datafield>
   <datafield ind1=" " ind2=" " tag="260">
      <subfield code="6">880-04</subfield>
      <subfield code="a">[Qum] :</subfield>
      <subfield code="b">Luṭfī,</subfield>
      <subfield code="c">1394 [1985 or 1986]</subfield>
   </datafield>
   <datafield ind1=" " ind2=" " tag="300">
      <subfield code="a">375 p. ;</subfield>
      <subfield code="c">25 cm.</subfield>
   </datafield>
   <datafield ind1="1" ind2=" " tag="490">
      <subfield code="6">880-05</subfield>
      <subfield code="a">Mustanad al-ʻUrwah al-wuthqá</subfield>
   </datafield>
   <datafield ind1=" " ind2=" " tag="500">
      <subfield code="a">Cover title.</subfield>
   </datafield>
   <datafield ind1=" " ind2=" " tag="504">
      <subfield code="a">Includes bibliographical references.</subfield>
   </datafield>
   <datafield ind1="1" ind2="0" tag="600">
      <subfield code="6">880-06</subfield>
      <subfield code="a">Ṭabāṭabāʼī al-Yazdī, Muḥammad Kāẓim,</subfield>
      <subfield code="d">-1919.</subfield>
      <subfield code="t">ʻUrwah al-wuthqá.</subfield>
   </datafield>
   <datafield ind1=" " ind2="0" tag="650">
      <subfield code="a">Islamic law</subfield>
      <subfield code="x">Interpretation and construction.</subfield>
      <subfield code="0">http://id.loc.gov/authorities/subjects/sh85068455</subfield>
   </datafield>
   <datafield ind1="1" ind2=" " tag="700">
      <subfield code="6">880-07</subfield>
      <subfield code="a">Burūjirdī, Murtaḍá.</subfield>
   </datafield>
   <datafield ind1="0" ind2=" " tag="740">
      <subfield code="6">880-08</subfield>
      <subfield code="a">Khums.</subfield>
   </datafield>
   <datafield ind1="1" ind2=" " tag="800">
      <subfield code="6">880-09</subfield>
      <subfield code="a">Khūʼī, Abū al-Qāsim ibn ʻAlī Akbar,</subfield>
      <subfield code="d">1899- .</subfield>
      <subfield code="t">Mustanad al-ʻUrwah al-wuthqá.</subfield>
   </datafield>
   <datafield ind1="1" ind2=" " tag="880">
      <subfield code="6">100-01/r</subfield>
      <subfield code="a">خوئي، ابو القاسم بن علي اكبر،</subfield>
      <subfield code="d">1899-</subfield>
   </datafield>
   <datafield ind1="1" ind2="0" tag="880">
      <subfield code="6">240-02/r</subfield>
      <subfield code="a">خمس</subfield>
   </datafield>
   <datafield ind1="1" ind2="0" tag="880">
      <subfield code="6">245-03/r</subfield>
      <subfield code="a">كتاب الخمس :</subfield>
      <subfield code="b">محاضرات زعيم الحوزة العلمية آية الله العظمى السيد ابو القاسم الموسوي الخوئي ... /</subfield>
      <subfield code="c">[تأليف مرتضى البروجردي].</subfield>
   </datafield>
   <datafield ind1=" " ind2=" " tag="880">
      <subfield code="6">260-04/r</subfield>
      <subfield code="a">[قم] :</subfield>
      <subfield code="b">لطفي،</subfield>
      <subfield code="c">1394 [1985 or 1986]</subfield>
   </datafield>
   <datafield ind1="1" ind2=" " tag="880">
      <subfield code="6">490-05/r</subfield>
      <subfield code="a">مستند العروة الوثقى</subfield>
   </datafield>
   <datafield ind1="1" ind2="4" tag="880">
      <subfield code="6">600-06/r</subfield>
      <subfield code="a">طباطبائي اليزدي، محمد كاظم،</subfield>
      <subfield code="d">-1919.</subfield>
      <subfield code="t">عروة الوثقى.</subfield>
   </datafield>
   <datafield ind1="1" ind2=" " tag="880">
      <subfield code="6">700-07/r</subfield>
      <subfield code="a">بروجردي، مرتضى.</subfield>
   </datafield>
   <datafield ind1="0" ind2=" " tag="880">
      <subfield code="6">740-08/r</subfield>
      <subfield code="a">خمس.</subfield>
   </datafield>
   <datafield ind1="1" ind2=" " tag="880">
      <subfield code="6">800-09/r</subfield>
      <subfield code="a">خوئي، ابو القاسم بن علي اكبر،</subfield>
      <subfield code="d">1899- .</subfield>
      <subfield code="t">مستند العروة الوثقى.</subfield>
   </datafield>
   <datafield ind1=" " ind2=" " tag="998">
      <subfield code="a">12/04/90</subfield>
      <subfield code="s">9114</subfield>
      <subfield code="n">NjP</subfield>
      <subfield code="w">NJPG90B54147</subfield>
      <subfield code="d">12/03/90</subfield>
      <subfield code="c">JAB</subfield>
      <subfield code="b">JAB</subfield>
      <subfield code="i">901204</subfield>
      <subfield code="l">NJPG</subfield>
   </datafield>
   <datafield ind1=" " ind2=" " tag="911">
      <subfield code="a">19921028</subfield>
   </datafield>
   <datafield ind1=" " ind2=" " tag="912">
      <subfield code="a">19980515040520.0</subfield>
   </datafield>
   <datafield ind1=" " ind2=" " tag="994">
      <subfield code="a">C0</subfield>
      <subfield code="b">PUL</subfield>
   </datafield>
   <datafield ind1=" " ind2=" " tag="999">
      <subfield code="a">614728</subfield>
   </datafield>
   <datafield ind1=" " ind2=" " tag="979">
      <subfield code="a">(OCoLC)ocn176031435</subfield>
   </datafield>
   <datafield ind1="0" ind2="0" tag="852">
      <subfield code="0">674104</subfield>
      <subfield code="b">rcppa</subfield>
      <subfield code="t">1</subfield>
      <subfield code="h">BP174.T333</subfield>
      <subfield code="i">K4853 1985</subfield>
      <subfield code="x">tr fr nec</subfield>
   </datafield>
   <datafield ind1=" " ind2=" " tag="959">
      <subfield code="a">2000-06-13 00:00:00 -0400</subfield>
   </datafield>
</record>
